@book{ha,
  title={Algebraic Topology},
  author={Hatcher, A.},
  isbn={9780521795401},
  lccn={00065166},
  url={http://pi.math.cornell.edu/~hatcher/AT/AT.pdf},
  year={2002},
  publisher={Cambridge University Press}
}

@book{ar,
	title={Basic Topology},
	author={Armstrong, M.A.},
	isbn={9780387908397},
	series={Undergraduate Texts in Mathematics},
	year={1983},
	publisher={Springer New York}
}

@book{mu,
	title={Elements Of Algebraic Topology},
	author={Munkres, J.R.},
	isbn={9780201045864},
	year={1984},
	publisher={CRC Press}
}

@book{ma,
	author = {Matousek, Jiri},
	title = {Using the Borsuk-Ulam Theorem: Lectures on Topological Methods in Combinatorics and Geometry},
	year = {2007},
	isbn = {3540003622, 9783540003625},
	publisher = {Springer Publishing Company, Incorporated},
}

@book{fe,
	title={Simplicial Structures in Topology},
	author={Ferrario, D.L. and Piccinini, R.A.},
	isbn={9781441972361},
	lccn={2010936303},
	series={CMS Books in Mathematics},
	url={https://books.google.de/books?id=xwzX9h\_hyMUC},
	year={2010},
	publisher={Springer New York}
}
